<collection xmlns="http://www.loc.gov/MARC21/slim">
<record>
  <leader>01103nam0a2200217 i 450 </leader>
  <controlfield tag="001">IT\ICCU\CNCE\011076</controlfield>
  <controlfield tag="005">20120404000000.0</controlfield>
  <datafield tag="012" ind1=" " ind2=" ">
    <subfield code="a">e.e, m-la e.,&amp; popr (3) 1575 (A)</subfield>
    <subfield code="2">fei</subfield>
  </datafield>
  <datafield tag="100" ind1=" " ind2=" ">
    <subfield code="a">19970101d1575        0itac0103    ba</subfield>
  </datafield>
  <datafield tag="101" ind1=" " ind2=" ">
    <subfield code="a">ITA</subfield>
  </datafield>
  <datafield tag="102" ind1=" " ind2=" ">
    <subfield code="a">IT</subfield>
  </datafield>
  <datafield tag="200" ind1="1" ind2=" ">
    <subfield code="a">Regola di vita spirituale composta dal beato frate Cherubino de Spoliti predicatore dottissimo &amp; diuotissimo, dell&apos;ordine de frati minori detti dell&apos;osseruantia a prieghi, &amp; instantia d&apos;un suo diuoto amico spirituale, nominato Iacobo de Bonganis. Cosa bellissima &amp; utilissima, tanto a persone religiose, quanto a secolari</subfield>
  </datafield>
  <datafield tag="210" ind1=" " ind2=" ">
    <subfield code="a">Stampato in Milano</subfield>
    <subfield code="c">per Valerio da Meda</subfield>
    <subfield code="d">1575</subfield>
  </datafield>
  <datafield tag="215" ind1=" " ind2=" ">
    <subfield code="a">40 c.</subfield>
    <subfield code="c">ill.</subfield>
    <subfield code="d">8ʻ</subfield>
  </datafield>
  <datafield tag="620" ind1=" " ind2=" ">
    <subfield code="a">IT</subfield>
    <subfield code="d">Milano</subfield>
  </datafield>
  <datafield tag="700" ind1=" " ind2="0">
    <subfield code="a">Cherubino</subfield>
    <subfield code="c"> : da#Spoleto</subfield>
    <subfield code="c"> &lt;francescano&gt;</subfield>
    <subfield code="3">IT\ICCU\CNCA\002989</subfield>
  </datafield>
  <datafield tag="712" ind1="0" ind2="0">
    <subfield code="a">Meda, Valerio</subfield>
    <subfield code="3">IT\ICCU\CNCT\000444</subfield>
    <subfield code="4">650</subfield>
  </datafield>
  <datafield tag="790" ind1=" " ind2="0">
    <subfield code="a">Cherubino</subfield>
    <subfield code="c"> : da#Siena</subfield>
    <subfield code="3">IT\ICCU\CNCA\007957</subfield>
    <subfield code="z">Cherubino : da#Spoleto &lt;francescano&gt;</subfield>
  </datafield>
  <datafield tag="791" ind1="0" ind2="0">
    <subfield code="a">Metius, Valerius</subfield>
    <subfield code="3">IT\ICCU\CNCT\003995</subfield>
    <subfield code="z">Meda, Valerio</subfield>
  </datafield>
  <datafield tag="801" ind1=" " ind2="3">
    <subfield code="a">IT</subfield>
    <subfield code="b">ICCU</subfield>
    <subfield code="c">20201113</subfield>
  </datafield>
  <datafield tag="899" ind1=" " ind2=" ">
    <subfield code="a">Biblioteca nazionale universitaria. Torino</subfield>
    <subfield code="1">TO0265</subfield>
    <subfield code="2">TO0 02</subfield>
  </datafield>
</record>
</collection>
